% Encoding: UTF-8

@Misc{python_desc,
  title     = {Python (programming language) - Wikipedia},
  date      = {2024-04-1},
  url       = {https://en.wikipedia.org/wiki/Python_(programming_language)},
  timestamp = {2024-04-1},
}

@Misc{web_framework_desc,
  title     = {Веб-фреймворк},
  date      = {2024-04-1},
  url       = {https://ru.wikipedia.org/wiki/Веб-фреймворк},
  timestamp = {2024-04-1},
}

@Misc{rest_desc,
  title     = {REST},
  date      = {2024-04-1},
  url       = {https://ru.wikipedia.org/wiki/REST},
  timestamp = {2024-04-1},
}

@Misc{django_desc,
  title     = {Django},
  date      = {2024-04-1},
  url       = {https://ru.wikipedia.org/wiki/Django},
  timestamp = {2024-04-1},
}

@Misc{drf_desc,
  title     = {Django Rest Framework},
  date      = {2024-04-1},
  url       = {https://www.django-rest-framework.org/},
  timestamp = {2024-04-1},
}

@Misc{fastapi_desc,
  title     = {FastAPI},
  date      = {2024-04-1},
  url       = {https://ru.wikipedia.org/wiki/FastAPI},
  timestamp = {2024-04-1},
}



https://ru.wikipedia.org/wiki/XML
https://www.novostiitkanala.ru/news/detail.php?ID=174518
https://en.wikipedia.org/wiki/JSON_Web_Token

https://www.miniorange.com/blog/assets/2023/jwt-structure.webp % img

https://ru.wikipedia.org/wiki/PCI_DSS
https://ru.wikipedia.org/wiki/SMTP


@Book{esd_book,
  author    = {Steve Heath},
  title     = {Embedded Systems Design},
  year      = {2003},
  date      = {2002-12-01},
  edition   = {2nd},
  publisher = {ELSEVIER},
  isbn      = {9780750655460},
  pages     = {1 -- 14},
  ean       = {9780750655460},
  timestamp = {2022.03.02},
}

@Book{tanenbaum_modern_os_2015_ru,
  author    = {Э. Таненбаум},
  title     = {Современные операционные системы},
  year      = {2015},
  publisher = {Питер},
  isbn      = {978-5-496-01395-6},
  pages     = {178 - 198},
  language  = {russian},
  hyphenation={russian},
}

@Misc{asgi_docs,
    title = {ASGI documentation},
    date = {2024-04-01},
    url = {https://asgi.readthedocs.io/en/latest/},
    timestamp = {2024-04-01},
}

@Misc{mongodb_docs,
    title = {MongoDB documentation},
    date = {2024-04-01},
    url = {https://www.mongodb.com/docs/},
    timestamp = {2024-04-01},
}

@Misc{postgres_docs,
    title = {PostgreSQL documentation},
    date = {2024-04-01},
    url = {https://www.postgresql.org/docs/},
    timestamp = {2024-04-01},
}

@Misc{redis_docs,
    title = {Redis documentation},
    date = {2024-04-01},
    url = {https://redis.io/docs/latest/},
    timestamp = {2024-04-01},
}



@Misc{docker_docs,
    title = {Docker manual},
    date = {2024-04-01},
    url = {https://docs.docker.com/manuals/},
    timestamp = {2024-04-01},
}

@Comment{jabref-meta: databaseType:biblatex;}
